@Misc{Safety_website,
  Title          = "The History of Nuclear Power Safety",
  HowPublished   = {Available online},
  url            = {http://users.owt.com/smsrpm/nksafe/},
  year           = 2002
}

@article{coolant_comparison,
  title={Cross-comparison of fast reactor concepts with various coolants},
  author={Hejzlar, Pavel and Todreas, Neil E and Shwageraus, Eugene and Nikiforova, Anna and Petroski, Robert and Driscoll, Michael J},
  journal={Nuclear Engineering and Design},
  volume={239},
  number={12},
  pages={2672--2691},
  year={2009},
  publisher={Elsevier}
}
