@book{Hausner,
  Title          = "Materials for Nuclear Power Reactors",
  author = "Hausner, Henry H. and Roboff, Stanley B.",
  publisher = "Reinhold Publishing Corporation",
  year           = 1955
}

@book{handbook,
  Title          = "Reactor Handbook: Volume IV Engineering",
  author = "McLain, Stuart and Martens, John H.",
  publisher = "John Wiley \& Sons, Inc.",
  year           = 1964
}

@book{Duderstadt,
  Title          = "Nuclear Reactor Analysis",
  author = "Duderstadt, James J. and Hamilton, Louis J.",
  publisher = "John Wiley \& Sons, Inc.",
  year           = 1976
}

@book{Graham,
  Title          = "Fast Reactor Safety",
  author = "Graham, John",
  publisher = "Academic Press, Inc.",
  year           = 1971
}
