@book{Graham,
  Title          = "Fast Reactor Safety",
  author = "Graham, John",
  publisher = "Academic Press, Inc.",
  year           = 1971
}

