@Misc{IAEA_1,
  Title          = "Thermophysical properties of materials for nuclear engineering: a tutorial and collection of data",
  HowPublished   = {Available online},
  author = {IAEA},
  url            = {http://www-pub.iaea.org/MTCD/publications/PDF/IAEA-THPH_web.pdf},
  year           = 2008
}
