@Misc{IAEA_1,
  Title          = "Thermophysical properties of materials for nuclear engineering: a tutorial and collection of data",
  HowPublished   = {Available online},
  author = {IAEA},
  url            = {http://www-pub.iaea.org/MTCD/publications/PDF/IAEA-THPH_web.pdf},
  year           = 2008
}

@article{coolant_comparison,
  title={Cross-comparison of fast reactor concepts with various coolants},
  author={Hejzlar, Pavel and Todreas, Neil E and Shwageraus, Eugene and Nikiforova, Anna and Petroski, Robert and Driscoll, Michael J},
  journal={Nuclear Engineering and Design},
  volume={239},
  number={12},
  pages={2672--2691},
  year={2009},
  publisher={Elsevier}
}

@phdthesis{coolant_activation,
  title={Analysis of coolant options for advanced metal cooled nuclear reactors},
  author={Can, Levent},
  year={2006},
  school={Monterey, California. Naval Postgraduate School}
}

@techreport{IAEA_MA,
  title={Status of minor actinide fuel development},
  author={Anastasov, V and Betti, M and Boisson, F and Depisch, F and Houlbreque, F and Jeffree, R and Khamis, I and Lattemann, S and Miquel, JC and Nisan, S and others},
  journal={NF-T-4.6},
  year={2009}
}
